@misc{olympics2008,
  author       = {Olympics},
  howpublished = {\url{https://olympics.com/en/olympic-games/beijing-2008/medals}},
  title        = {Olympic Games Beijing medals table [Online]},
  year         = {2008},
  note         = {Accessed on [04/12/2023]}
}

@misc{olympics2012,
  author       = {Olympics},
  howpublished = {\url{https://olympics.com/en/olympic-games/london-2012/medals}},
  title        = {Olympic Games London medals table [Online]},
  year         = {2012},
  note         = {Accessed on [04/12/2023]}
}
@misc{olympics2016,
  author       = {Olympics},
  howpublished = {\url{https://olympics.com/en/olympic-games/rio-2016/medals}},
  title        = {Olympic Games Rio medals table [Online]},
  year         = {2016},
  note         = {Accessed on [04/12/2023]}
}
@article{parikh1980adaptive,
  title     = {An adaptive lattice algorithm for recursive filters},
  author    = {Parikh, D and Ahmed, N and Stearns, SDSD},
  journal   = {Acoustics, Speech and Signal Processing, IEEE Transactions on},
  volume    = {28},
  number    = {1},
  pages     = {110--111},
  year      = {1980},
  publisher = {IEEE}
}